@book{featherstone2014rigid,
  title={Rigid body dynamics algorithms},
  author={Featherstone, Roy},
  year={2014},
  publisher={Springer}
}


@book{spong2008robot,
	title={Robot dynamics and control},
	author={Spong, Mark W and Vidyasagar, Mathukumalli},
	year={2008},
	publisher={John Wiley \& Sons}
}


@article{evans2001rotations,
	title={Rotations and rotation matrices},
	author={Evans, Philip R},
	journal={Acta Crystallographica Section D: Biological Crystallography},
	volume={57},
	number={10},
	pages={1355--1359},
	year={2001},
	publisher={International Union of Crystallography}
}


@book{altmann2005rotations,
	title={Rotations, quaternions, and double groups},
	author={Altmann, Simon L},
	year={2005},
	publisher={Courier Corporation}
}


@article{jia2017rotation,
	title={Rotation in the Space},
	author={Jia, Yan-Bin},
	journal={Iowa State University Computer Science},
	volume={477},
	pages={577},
	year={2017}
}

@article{ladder-HRP-2Kai,
	title={Multi-contact vertical ladder climbing with an HRP-2 humanoid},
	author={Vaillant, Joris and Kheddar, Abderrahmane and Audren, Herv{\'e} and Keith, Fran{\c{c}}ois and Brossette, Stanislas and Escande, Adrien and Bouyarmane, Karim and Kaneko, Kenji and Morisawa, Mitsuharu and Gergondet, Pierre and others},
	journal={Autonomous Robots},
	volume={40},
	number={3},
	pages={561--580},
	year={2016},
	publisher={Springer}
}


@article{li2015predicting, 
	title={Predicting Object Transfer Position and Timing in Human-robot Handover Tasks},
	author={Li, Zhi and Hauser, Kris},
	journal={Science and Systems},
	year={2015}
}


@article{vogt2017learning,
	title={Learning Continuous Human-Robot Interactions from Human-Human Demonstrations},
	author={Vogt, David},
	year={2017}
}

@inproceedings{kaneko2015humanoid,
	title={Humanoid robot HRP-2Kaiâ€”Improvement of HRP-2 towards disaster response tasks},
	author={Kaneko, Kenji and Morisawa, Mitsuharu and Kajita, Shuuji and Nakaoka, Shin'ichiro and Sakaguchi, Takeshi and Cisneros, Rafael and Kanehiro, Fumio},
	booktitle={2015 IEEE-RAS 15th International Conference on Humanoid Robots (Humanoids)},
	pages={132--139},
	year={2015},
	organization={IEEE}
}

@incollection{stasse2019overview,
	title={An overview of humanoid robots technologies},
	author={Stasse, Olivier and Flayols, Thomas},
	booktitle={Biomechanics of Anthropomorphic Systems},
	pages={281--310},
	year={2019},
	publisher={Springer}
}

@inproceedings{medina2016human,
	title={A human-inspired controller for fluid human-robot handovers},
	author={Medina, Jos{\'e} R and Duvallet, Felix and Karnam, Murali and Billard, Aude},
	booktitle={2016 IEEE-RAS 16th International Conference on Humanoid Robots (Humanoids)},
	pages={324--331},
	year={2016},
	organization={IEEE}
}



















#not used yet





























































































