%%%%%%%%%%%%%%%%%%%%%%%%%%%%%%%%%%%%%%%%%%    chapter 1  %%%%%%%%%%%%%%%%%%%%%%%%%%%%%%%%%%%%%%%%%%%%%

@incollection{tzafestas2016human,
	title={Human-robot social interaction},
	author={Tzafestas, Spyros G},
	booktitle={Sociorobot World},
	pages={53--69},
	year={2016},
	publisher={Springer}
}

@article{goodrich2008human,
	title={Human--robot interaction: a survey},
	author={Goodrich, Michael A and Schultz, Alan C and others},
	journal={Foundations and Trends{\textregistered} in Human--Computer Interaction},
	volume={1},
	number={3},
	pages={203--275},
	year={2008},
	publisher={Now Publishers, Inc.}
}


%%%%%%%%%%%%%%%%%%%%%%%%%%%%%%%%%%%%%%%%%%    chapter 2  %%%%%%%%%%%%%%%%%%%%%%%%%%%%%%%%%%%%%%%%%%%%%




@article{Fadiga:JNeuroPhys:1995,
	title={Motor facilitation during action observation: a magnetic stimulation study},
	author={Fadiga, Luciano and Fogassi, Leonardo and Pavesi, Giovanni and Rizzolatti, Giacomo},
	journal={Journal of neurophysiology},
	volume={73},
	number={6},
	pages={2608--2611},
	year={1995},
	publisher={American Physiological Society Bethesda, MD}
}

@article{Prinz:EJPAP:1997,
	title={Perception and action planning},
	author={Prinz, Wolfgang},
	journal={European journal of cognitive psychology},
	volume={9},
	number={2},
	pages={129--154},
	year={1997},
	publisher={Taylor \& Francis}
}

@article{Ikegami:elife:2018,
	title={Prediction error induced motor contagions in human behaviors},
	author={Ikegami, Tsuyoshi and Ganesh, Gowrishankar and Takeuchi, Tatsuya and Nakamoto, Hiroki},
	journal={Elife},
	volume={7},
	pages={e33392},
	year={2018},
	publisher={eLife Sciences Publications Limited}
}




@article{edwards2003motor,
	title={Motor facilitation following action observation: A behavioural study in prehensile action},
	author={Edwards, Martin G and Humphreys, Glyn W and Castiello, Umberto},
	journal={Brain and cognition},
	volume={53},
	number={3},
	pages={495--502},
	year={2003},
	publisher={Elsevier}
}

@article{gray2011hitting,
	title={Hitting is contagious: Experience and action induction.},
	author={Gray, Rob and Beilock, Sian L},
	journal={Journal of Experimental Psychology: Applied},
	volume={17},
	number={1},
	pages={49},
	year={2011},
	publisher={American Psychological Association}
}








%%%%%%%%%%%%%%%%%%%%%%%%%%%%%%%%%%%%%%%%%%    chapter 2/3  %%%%%%%%%%%%%%%%%%%%%%%%%%%%%%%%%%%%%%%%%%%%%

@article{flash1985coordination,
	title={The coordination of arm movements: an experimentally confirmed mathematical model},
	author={Flash, Tamar and Hogan, Neville},
	journal={Journal of neuroscience},
	volume={5},
	number={7},
	pages={1688--1703},
	year={1985},
	publisher={Soc Neuroscience}
}

@article{robinson2013edinburgh,
	title={Edinburgh handedness inventory},
	author={Robinson, Janine},
	journal={Encyclopedia of autism spectrum disorders},
	pages={1051--1054},
	year={2013},
	publisher={Springer}
}

@article{heyes2011automatic,
	title={Automatic imitation.},
	author={Heyes, Cecilia},
	journal={Psychological bulletin},
	volume={137},
	number={3},
	pages={463},
	year={2011},
	publisher={American Psychological Association}
}


@article{Blakemore:Neuropsychologia:2005,
	title={The role of motor contagion in the prediction of action},
	author={Blakemore, Sarah-Jayne and Frith, Chris},
	journal={Neuropsychologia},
	volume={43},
	number={2},
	pages={260--267},
	year={2005},
	publisher={Elsevier}
}


@article{Becchio:BJN:2007,
	title={Motor contagion from gaze: The case of autism},
	author={Becchio, Cristina and Pierno, Andrea and Mari, Morena and Lusher, Dean and Castiello, Umberto},
	journal={Brain},
	volume={130},
	number={9},
	pages={2401--2411},
	year={2007},
	publisher={Oxford University Press}
}

@incollection{Ganesh:Springer:2015,
	title={Beyond Watching: Action Understanding by Humans and Implications for Motion Planning by Interacting Robots},
	author={Ganesh, Gowrishankar and Ikegami, Tsuyoshi},
	booktitle={Dance Notations and Robot Motion},
	pages={139--167},
	year={2016},
	publisher={Springer}
}


@article{Ikegami:SciReport:2014,
	title={Watching novice action degrades expert motor performance: causation between action production and outcome prediction of observed actions by humans},
	author={Ikegami, Tsuyoshi and Ganesh, Gowrishankar},
	journal={Scientific reports},
	volume={4},
	pages={6989},
	year={2014},
	publisher={Nature Publishing Group}
}


@article{Hillebrandt:SciReports:2014,
	title={Effective connectivity during animacy perception--dynamic causal modelling of Human Connectome Project data},
	author={Hillebrandt, Hauke and Friston, Karl J and Blakemore, Sarah-Jayne},
	journal={Scientific reports},
	volume={4},
	pages={6240},
	year={2014},
	publisher={Nature Publishing Group}
}


@article{Chaminade:BRB:2008,
	title={From self-observation to imitation: Visuomotor association on a robotic hand},
	author={Chaminade, Thierry and Oztop, Erhan and Cheng, Gordon and Kawato, Mitsuo},
	journal={Brain research bulletin},
	volume={75},
	number={6},
	pages={775--784},
	year={2008},
	publisher={Elsevier}
}


@article{Oztop:RAS_ICHR:2004,
	title={Human-humanoid interaction: is a humanoid robot perceived as a human?},
	author={Oztop, Erhan and Franklin, David W and Chaminade, Thierry and Cheng, Gordon},
	journal={International Journal of Humanoid Robotics},
	volume={2},
	number={04},
	pages={537--559},
	year={2005},
	publisher={World Scientific}
}


@article{Kilner:CurBio:2003,
	title={An interference effect of observed biological movement on action},
	author={Kilner, James M and Paulignan, Yves and Blakemore, Sarah-Jayne},
	journal={Current biology},
	volume={13},
	number={6},
	pages={522--525},
	year={2003},
	publisher={Elsevier}
}


@article{Sciutti:IJSR:2012,
	title={Measuring human-robot interaction through motor resonance},
	author={Sciutti, Alessandra and Bisio, Ambra and Nori, Francesco and Metta, Giorgio and Fadiga, Luciano and Pozzo, Thierry and Sandini, Giulio},
	journal={International Journal of Social Robotics},
	volume={4},
	number={3},
	pages={223--234},
	year={2012},
	publisher={Springer}
}


@article{Noy:B&C:2009,
	title={Simple movement imitation: Are kinematic features sufficient to map perceptions into actions?},
	author={Noy, Lior and Rumiati, Raffaella Ida and Flash, Tamar},
	journal={Brain and cognition},
	volume={69},
	number={2},
	pages={360--368},
	year={2009},
	publisher={Elsevier}
}


@article{Kilner:SocialNeuro:2007,
	title={Interference effect of observed human movement on action is due to velocity profile of biological motion},
	author={Kilner, James and Hamilton, Antonia F de C and Blakemore, Sarah-Jayne},
	journal={Social neuroscience},
	volume={2},
	number={3-4},
	pages={158--166},
	year={2007},
	publisher={Taylor \& Francis}
}



@article{Bisio:PlosOne:2010,
	title={Automatic versus voluntary motor imitation: effect of visual context and stimulus velocity},
	author={Bisio, Ambra and Stucchi, Natale and Jacono, Marco and Fadiga, Luciano and Pozzo, Thierry},
	journal={PLoS One},
	volume={5},
	number={10},
	pages={e13506},
	year={2010},
	publisher={Public Library of Science}
}


@article{Bisio:PlosOne:2014,
	title={Motor contagion during human-human and human-robot interaction},
	author={Bisio, Ambra and Sciutti, Alessandra and Nori, Francesco and Metta, Giorgio and Fadiga, Luciano and Sandini, Giulio and Pozzo, Thierry},
	journal={PloS one},
	volume={9},
	number={8},
	pages={e106172},
	year={2014},
	publisher={Public Library of Science}
}


@inproceedings{Kupferberg:Methods:2009,
	title={Video observation of humanoid robot movements elicits motor interference},
	author={Kupferberg, Aleksandra and Glasauer, Stefan and Huber, Markus and Rickert, Markus and Knoll, Alois and Brandt, Thomas},
	booktitle={Proceedings of the Symposium on New Frontiers in Human-Robot Interaction, Adaptive and Emergent Behaviour and Complex Systems Convention (AISB)},
	year={2009}
}

@article{Kupferberg:PlosOne:2012,
	title={Moving just like you: motor interference depends on similar motility of agent and observer},
	author={Kupferberg, Aleksandra and Huber, Markus and Helfer, Bartosz and Lenz, Claus and Knoll, Alois and Glasauer, Stefan},
	journal={PloS one},
	volume={7},
	number={6},
	pages={e39637},
	year={2012},
	publisher={Public Library of Science}
}


@article{Brass:ActaPsych:2001,
	title={Movement observation affects movement execution in a simple response task},
	author={Brass, Marcel and Bekkering, Harold and Prinz, Wolfgang},
	journal={Acta psychologica},
	volume={106},
	number={1-2},
	pages={3--22},
	year={2001},
	publisher={Elsevier}
}


@article{Press:CBR:2005,
	title={Robotic movement elicits automatic imitation},
	author={Press, Clare and Bird, Geoffrey and Flach, R{\"u}diger and Heyes, Cecilia},
	journal={Cognitive Brain Research},
	volume={25},
	number={3},
	pages={632--640},
	year={2005},
	publisher={Elsevier}
}


@article{Chaminade:JPP:2009,
	title={Social cognitive neuroscience and humanoid robotics},
	author={Chaminade, Thierry and Cheng, Gordon},
	journal={Journal of Physiology-Paris},
	volume={103},
	number={3-5},
	pages={286--295},
	year={2009},
	publisher={Elsevier}
}


@inproceedings{Kaneko:RAS_ICHR:2015,
	title={Humanoid robot HRP-2Kai Improvement of HRP-2 towards disaster response tasks},
	author={Kaneko, Kenji and Morisawa, Mitsuharu and Kajita, Shuuji and Nakaoka, Shin'ichiro and Sakaguchi, Takeshi and Cisneros, Rafael and Kanehiro, Fumio},
	booktitle={Humanoid Robots (Humanoids), 2015 IEEE-RAS 15th International Conference on},
	pages={132--139},
	year={2015},
	organization={IEEE}
}


@book{Biagiotti:Springer:2008,
	title={Trajectory planning for automatic machines and robots},
	author={Biagiotti, Luigi and Melchiorri, Claudio},
	year={2008},
	publisher={Springer Science \& Business Media}
}


@incollection{Akaike:ISIT:1973,
	title={Information theory and an extension of the maximum likelihood principle},
	author={Akaike, Hirotogu},
	booktitle={Selected Papers of Hirotugu Akaike},
	pages={199--213},
	year={1998},
	publisher={Springer}
}


@article{Erdfelder:JBRMIC:1996,
	title={GPOWER: A general power analysis program},
	author={Erdfelder, Edgar and Faul, Franz and Buchner, Axel},
	journal={Behavior research methods, instruments, \& computers},
	volume={28},
	number={1},
	pages={1--11},
	year={1996},
	publisher={Springer}
}


@book{Verma:power_analysis:2017,
	title={Determination of Sample Size and Power Analysis with G*Power Software: Step-wise Illustrated Manual for Research Scholars.},
	author={Verma, JP and Verma, P},
	year={2017},
	publisher={Independently published on Amazon}
}



@article{Harris:Nature:1998,
	title={Signal-dependent noise determines motor planning},
	author={Harris, Christopher M and Wolpert, Daniel M},
	journal={Nature},
	volume={394},
	number={6695},
	pages={780},
	year={1998},
	publisher={Nature Publishing Group}
}


@article{Fitts:JEP:1954,
	title={The information capacity of the human motor system in controlling the amplitude of movement.},
	author={Fitts, Paul M},
	journal={Journal of experimental psychology},
	volume={47},
	number={6},
	pages={381},
	year={1954},
	publisher={American Psychological Association}
}


@article{Burdet:nature:2001,
	title={The central nervous system stabilizes unstable dynamics by learning optimal impedance},
	author={Burdet, Etienne and Osu, Rieko and Franklin, David W and Milner, Theodore E and Kawato, Mitsuo},
	journal={Nature},
	volume={414},
	number={6862},
	pages={446},
	year={2001},
	publisher={Nature Publishing Group}
}



@article{Franklin:JoN:2008,
	title={CNS learns stable, accurate, and efficient movements using a simple algorithm},
	author={Franklin, David W and Burdet, Etienne and Tee, Keng Peng and Osu, Rieko and Chew, Chee-Meng and Milner, Theodore E and Kawato, Mitsuo},
	journal={Journal of neuroscience},
	volume={28},
	number={44},
	pages={11165--11173},
	year={2008},
	publisher={Soc Neuroscience}
}



@article{Ganesh:RAS:2013,
	title={Motor planning explains human behaviour in tasks with multiple solutions},
	author={Ganesh, Gowrishankar and Burdet, Etienne},
	journal={Robotics and Autonomous Systems},
	volume={61},
	number={4},
	pages={362--368},
	year={2013},
	publisher={Elsevier}
}

@inproceedings{vannucci:roman:2017,
	title={Adaptation to a humanoid robot in a collaborative joint task},
	author={Vannucci, Fabio and Sciutti, Alessandra and Jacono, Marco and Sandini, Giulio and Rea, Francesco},
	booktitle={International Conference on Robot and Human Interactive Communication (RO-MAN)},
	year={2017},
	organization={IEEE}
}


@article{Takagi:Nature:2017,
	title={Physically interacting individuals estimate the partner's goal to enhance their movements},
	author={Takagi, Atsushi and Ganesh, Gowrishankar and Yoshioka, Toshinori and Kawato, Mitsuo and Burdet, Etienne},
	journal={Nature Human Behaviour},
	volume={1},
	number={3},
	pages={0054},
	year={2017},
	publisher={Nature Publishing Group}
}


@inproceedings{Fasola:ICDL:2010,
	title={Robot motivator: Increasing user enjoyment and performance on a physical/cognitive task},
	author={Fasola, Juan and Matari{\'c}, Maja J},
	booktitle={2010 IEEE 9th International Conference on Development and Learning (ICDL)},
	pages={274--279},
	year={2010},
	organization={IEEE}
}


@article{Schaal:Nature:2004,
	title={Rhythmic arm movement is not discrete},
	author={Schaal, Stefan and Sternad, Dagmar and Osu, Rieko and Kawato, Mitsuo},
	journal={Nature neuroscience},
	volume={7},
	number={10},
	pages={1136},
	year={2004},
	publisher={Nature Publishing Group}
}





@article{Tierney:Frontiers:2014,
	title={Auditory-motor entrainment and phonological skills: precise auditory timing hypothesis (PATH)},
	author={Tierney, Adam and Kraus, Nina},
	journal={Frontiers in Human Neuroscience},
	volume={8},
	pages={949},
	year={2014},
	publisher={Frontiers}
}



@article{Schachner:Elsevier:2009,
	title={Spontaneous motor entrainment to music in multiple vocal mimicking species},
	author={Schachner, Adena and Brady, Timothy F and Pepperberg, Irene M and Hauser, Marc D},
	journal={Current Biology},
	volume={19},
	number={10},
	pages={831--836},
	year={2009},
	publisher={Elsevier}
}












%%%%%%%%%%%%%%%%%%%%%%%%%%%%%%%%%%%%%%%%%%    chapter 4  %%%%%%%%%%%%%%%%%%%%%%%%%%%%%%%%%%%%%%%%%%%%%

@book{featherstone2014rigid,
  title={Rigid body dynamics algorithms},
  author={Featherstone, Roy},
  year={2014},
  publisher={Springer}
}


@book{Featherstone:1987,
	author = {Featherstone, Roy},
	title = {Robot Dynamics Algorithm},
	year = {1987},
	isbn = {0898382300},
	publisher = {Kluwer Academic Publishers},
	address = {Norwell, MA, USA}
}


@book{spong2008robot,
	title={Robot dynamics and control},
	author={Spong, Mark W and Vidyasagar, Mathukumalli},
	year={2008},
	publisher={John Wiley \& Sons}
}


@article{evans2001rotations,
	title={Rotations and rotation matrices},
	author={Evans, Philip R},
	journal={Acta Crystallographica Section D: Biological Crystallography},
	volume={57},
	number={10},
	pages={1355--1359},
	year={2001},
	publisher={International Union of Crystallography}
}


@book{altmann2005rotations,
	title={Rotations, quaternions, and double groups},
	author={Altmann, Simon L},
	year={2005},
	publisher={Courier Corporation}
}


@article{jia2017rotation,
	title={Rotation in the Space},
	author={Jia, Yan-Bin},
	journal={Iowa State University Computer Science},
	volume={477},
	pages={577},
	year={2017}
}

@article{ladder-HRP-2Kai,
	title={Multi-contact vertical ladder climbing with an HRP-2 humanoid},
	author={Vaillant, Joris and Kheddar, Abderrahmane and Audren, Herv{\'e} and Keith, Fran{\c{c}}ois and Brossette, Stanislas and Escande, Adrien and Bouyarmane, Karim and Kaneko, Kenji and Morisawa, Mitsuharu and Gergondet, Pierre and others},
	journal={Autonomous Robots},
	volume={40},
	number={3},
	pages={561--580},
	year={2016},
	publisher={Springer}
}


@article{li2015predicting, 
	title={Predicting Object Transfer Position and Timing in Human-robot Handover Tasks},
	author={Li, Zhi and Hauser, Kris},
	journal={Science and Systems},
	year={2015}
}


@inproceedings{kaneko2015humanoid,
	title={Humanoid robot HRP-2Kai—Improvement of HRP-2 towards disaster response tasks},
	author={Kaneko, Kenji and Morisawa, Mitsuharu and Kajita, Shuuji and Nakaoka, Shin'ichiro and Sakaguchi, Takeshi and Cisneros, Rafael and Kanehiro, Fumio},
	booktitle={2015 IEEE-RAS 15th International Conference on Humanoid Robots (Humanoids)},
	pages={132--139},
	year={2015},
	organization={IEEE}
}

@incollection{stasse2019overview,
	title={An overview of humanoid robots technologies},
	author={Stasse, Olivier and Flayols, Thomas},
	booktitle={Biomechanics of Anthropomorphic Systems},
	pages={281--310},
	year={2019},
	publisher={Springer}
}


@inproceedings{perez2015fast,
	title={Fast target prediction of human reaching motion for cooperative human-robot manipulation tasks using time series classification},
	author={P{\'e}rez-D'Arpino, Claudia and Shah, Julie A},
	booktitle={2015 IEEE international conference on robotics and automation (ICRA)},
	pages={6175--6182},
	year={2015},
	organization={IEEE}
}

@inproceedings{medina2016human,
	title={A human-inspired controller for fluid human-robot handovers},
	author={Medina, Jos{\'e} R and Duvallet, Felix and Karnam, Murali and Billard, Aude},
	booktitle={2016 IEEE-RAS 16th International Conference on Humanoid Robots (Humanoids)},
	pages={324--331},
	year={2016},
	organization={IEEE}
}


@inproceedings{sheikholeslami2018prediction,
	title={Prediction and Production of Human Reaching Trajectories for Human-Robot Interaction},
	author={Sheikholeslami, Sara and Hart, Justin W and Chan, Wesley P and Quintero, Camilo P and Croft, Elizabeth A},
	booktitle={Companion of the 2018 ACM/IEEE International Conference on Human-Robot Interaction},
	pages={321--322},
	year={2018},
	organization={ACM}
}

@article{johnson1968automatic,
	title={Automatic generation of efficient lexical processors using finite state techniques},
	author={Johnson, Walter L and Porter, James H and Ackley, Stephanie I and Ross, Douglas T},
	journal={Communications of the ACM},
	volume={11},
	number={12},
	pages={805--813},
	year={1968},
	publisher={ACM}
}

@book{brand1947vector,
  title={Vector and tensor analysis},
  author={Brand, Louis},
  year={1947},
  publisher={Wiley}
}

@book{crowe1994history,
	title={A history of vector analysis: The evolution of the idea of a vectorial system},
	author={Crowe, Michael J},
	year={1994},
	publisher={Courier Corporation}
}

@book{artin2016geometric,
	title={Geometric algebra},
	author={Artin, Emil},
	year={2016},
	publisher={Courier Dover Publications}
}


@article{escande2013planning,
	title={Planning contact points for humanoid robots},
	author={Escande, Adrien and Kheddar, Abderrahmane and Miossec, Sylvain},
	journal={Robotics and Autonomous Systems},
	volume={61},
	number={5},
	pages={428--442},
	year={2013},
	publisher={Elsevier}
}

@book{murray2017mathematical,
	title={A mathematical introduction to robotic manipulation},
	author={Murray, Richard M},
	year={2017},
	publisher={CRC press}
}


@inproceedings{samy2017VecOriTask,
	title={Qp-based adaptive-gains compliance control in humanoid falls},
	author={Samy, Vincent and Bouyarmane, Karim and Kheddar, Abderrahmane},
	booktitle={2017 IEEE International Conference on Robotics and Automation (ICRA)},
	pages={4762--4767},
	year={2017},
	organization={IEEE}
}

@inproceedings{pfeiffer2017nut,
	title={Nut fastening with a humanoid robot},
	author={Pfeiffer, Kai and Escande, Adrien and Kheddar, Abderrahmane},
	booktitle={2017 IEEE/RSJ International Conference on Intelligent Robots and Systems (IROS)},
	pages={6142--6148},
	year={2017},
	organization={IEEE}
}

@techreport{gill1986fortran,
	title={Fortran package for constrained linear least-squares and convex quadratic programming. User's Guide for LSSOL (Version 1. 0)},
	author={Gill, PE and Hammarling, SJ and Murray, W and Saunders, MA and Wright, MH},
	year={1986},
	institution={Stanford Univ., CA (USA). Systems Optimization Lab.}
}


@article{kupcsik2016learning,
	title={Learning dynamic robot-to-human object handover from human feedback},
	author={Kupcsik, Andras and Hsu, David and Lee, Wee Sun},
	journal={arXiv preprint arXiv:1603.06390},
	year={2016}
}


@article{strabala2013toward,
	title={Toward seamless human-robot handovers},
	author={Strabala, Kyle and Lee, Min Kyung and Dragan, Anca and Forlizzi, Jodi and Srinivasa, Siddhartha S and Cakmak, Maya and Micelli, Vincenzo},
	journal={Journal of Human-Robot Interaction},
	volume={2},
	number={1},
	pages={112--132},
	year={2013},
	publisher={Journal of Human-Robot Interaction Steering Committee}
}

@inproceedings{sentis2006whole,
	title={A whole-body control framework for humanoids operating in human environments},
	author={Sentis, Luis and Khatib, Oussama},
	booktitle={Proceedings 2006 IEEE International Conference on Robotics and Automation, 2006. ICRA 2006.},
	pages={2641--2648},
	year={2006},
	organization={IEEE}
}




@article{caron2018stair,
	title={Stair climbing stabilization of the HRP-4 humanoid robot using whole-body admittance control},
	author={Caron, St{\'e}phane and Kheddar, Abderrahmane and Tempier, Olivier},
	journal={arXiv preprint arXiv:1809.07073},
	year={2018}
}


@inproceedings{caron2016humanoids,
	title = {Multi-contact Walking Pattern Generation based on Model Preview Control of 3D COM Accelerations},
	author = {Caron, St{\'e}phane and Kheddar, Abderrahmane},
	booktitle = {IEEE-RAS International Conference on Humanoid Robots},
	year = {2016},
	month = nov,
	doi = {10.1109/HUMANOIDS.2016.7803329},
}


@article{nemlekarprompt,
	title={Prompt Human to Robot Handovers by Estimation of Object Transfer Point based on Human Partner’s Motion},
	year = {2019},
	author={Nemlekar, Heramb and Dutia, Dharini and Li, Zhi}
}

@inproceedings{nemlekar2019object,
	title={Object Transfer Point Estimation for Fluent Human-Robot Handovers},
	author={Nemlekar, Heramb and Dutia, Dharini and Li, Zhi},
	booktitle={2018 IEEE International Conference on Robotics and Automation (ICRA). IEEE},
	year={2019}
}


@inbook{bouyarmane2018multi,
	author={Bouyarmane, Karim and Caron, St{\'e}phane and Escande, Adrien and Kheddar, Abderrahmane},
	editor={Goswami, Ambarish and Vadakkepat, Prahlad},
	title={Multi-contact Motion Planning and Control},
	booktitle={Humanoid Robotics: A Reference},
	year={2018},
	month = jan,
	publisher={Springer Netherlands},
	address={Dordrecht},
	isbn={978-94-007-7194-9},
	doi={10.1007/978-94-007-7194-9_32-1},
	}


@article{balkcom2002computing,
	title={Computing wrench cones for planar rigid body contact tasks},
	author={Balkcom, Devin J and Trinkle, Jeffrey C},
	journal={The International Journal of Robotics Research},
	volume={21},
	number={12},
	pages={1053--1066},
	year={2002},
	publisher={SAGE Publications Sage UK: London, England}
}

@article{hansen2017human,
	title={Human--human handover tasks and how distance and object mass matter},
	author={Hansen, Clint and Arambel, Paula and Ben Mansour, Khalil and Perdereau, Veronique and Marin, Frederic},
	journal={Perceptual and motor skills},
	volume={124},
	number={1},
	pages={182--199},
	year={2017},
	publisher={SAGE Publications Sage CA: Los Angeles, CA}
}


@article{kato2019handovers,
	title={The where of handovers by humans: Effect of partner characteristics, distance and visual feedback},
	author={Kato, Saki and Yamanobe, Natsuki and Venture, Gentiane and Yoshida, Eiichi and Ganesh, Gowrishankar},
	journal={PloS one},
	volume={14},
	number={6},
	pages={e0217129},
	year={2019},
	publisher={Public Library of Science}
}

@inproceedings{kato2018humans,
	title={Humans Can Predict Where Their Partner Would Make a Handover},
	author={Kato, Saki and Yamanobe, Natsuki and Venture, Gentiane and Ganesh, Gowrishankar},
	booktitle={Companion of the 2018 ACM/IEEE International Conference on Human-Robot Interaction},
	pages={145--146},
	year={2018},
	organization={ACM}
}

@phdthesis{ohwovoriole1980externsion,
	title={An Externsion of Screw Theory and Its Application to the Automation of Industrial Assemblies},
	author={Ohwovoriole, Morgan S},
	journal={Ph. D. Thesis, Mechanical Engineering, Standford University},
	year={1980}
}


@inproceedings{kajita2010biped,
	title={Biped walking stabilization based on linear inverted pendulum tracking},
	author={Kajita, Shuuji and Morisawa, Mitsuharu and Miura, Kanako and Nakaoka, Shin'ichiro and Harada, Kensuke and Kaneko, Kenji and Kanehiro, Fumio and Yokoi, Kazuhito},
	booktitle={2010 IEEE/RSJ International Conference on Intelligent Robots and Systems},
	pages={4489--4496},
	year={2010},
	organization={IEEE}
}


@inproceedings{huber2008human,
	title={Human-robot interaction in handing-over tasks},
	author={Huber, Markus and Rickert, Markus and Knoll, Alois and Brandt, Thomas and Glasauer, Stefan},
	booktitle={RO-MAN 2008-The 17th IEEE International Symposium on Robot and Human Interactive Communication},
	pages={107--112},
	year={2008},
	organization={IEEE}
}

@inproceedings{huber2008Indus,
	title={Human preferences in industrial human-robot interactions},
	author={Huber, Markus and Lenz, Claus and Rickert, Markus and Knoll, Alois and Brandt, Thomas and Glasauer, Stefan},
	booktitle={Proceedings of the international workshop on cognition for technical systems},
	year={2008}
}

@inproceedings{shibata1995experimental,
	title={Experimental analysis of handing over},
	author={Shibata, Satoru and Tanaka, Kanya and Shimizu, Akira},
	booktitle={Proceedings 4th IEEE international workshop on robot and human communication},
	pages={53--58},
	year={1995},
	organization={IEEE}
}


@article{vogt2018one,
	title={One-shot learning of human--robot handovers with triadic interaction meshes},
	author={Vogt, David and Stepputtis, Simon and Jung, Bernhard and Amor, Heni Ben},
	journal={Autonomous Robots},
	volume={42},
	number={5},
	pages={1053--1065},
	year={2018},
	publisher={Springer}
}

@inproceedings{vogt2017system,
	title={A system for learning continuous human-robot interactions from human-human demonstrations},
	author={Vogt, David and Stepputtis, Simon and Grehl, Steve and Jung, Bernhard and Amor, Heni Ben},
	booktitle={2017 IEEE International Conference on Robotics and Automation (ICRA)},
	pages={2882--2889},
	year={2017},
	organization={IEEE}
}

@inproceedings{vahrenkamp2009humanoid,
	title={Humanoid motion planning for dual-arm manipulation and re-grasping tasks},
	author={Vahrenkamp, Nikolaus and Berenson, Dmitry and Asfour, Tamim and Kuffner, James and Dillmann, R{\"u}diger},
	booktitle={2009 IEEE/RSJ International Conference on Intelligent Robots and Systems},
	pages={2464--2470},
	year={2009},
	organization={IEEE}
}


@inproceedings{kim2004advanced,
	title={Advanced grasp planning for handover operation between human and robot},
	author={Kim, Jinsul and Park, Jihwan and Hwang, Yong K and Lee, Manjai},
	booktitle={2nd international conference on autonomous robots and agents},
	pages={13--15},
	year={2004}
}


@inproceedings{waldhart2015planning,
	title={Planning handovers involving humans and robots in constrained environment},
	author={Waldhart, Jules and Gharbi, Mamoun and Alami, Rachid},
	booktitle={2015 IEEE/RSJ International Conference on Intelligent Robots and Systems (IROS)},
	pages={6473--6478},
	year={2015},
	organization={IEEE}
}

@inproceedings{mainprice2010planning,
	title={Planning safe and legible hand-over motions for human-robot interaction},
	author={Mainprice, Jim and Sisbot, Emrah Akin and Sim{\'e}on, Thierry and Alami, Rachid},
	year={2010}
}


@inproceedings{mainprice2012sharing,
	title={Sharing effort in planning human-robot handover tasks},
	author={Mainprice, Jim and Gharbi, Mamoun and Sim{\'e}on, Thierry and Alami, Rachid},
	booktitle={2012 IEEE RO-MAN: The 21st IEEE International Symposium on Robot and Human Interactive Communication},
	pages={764--770},
	year={2012},
	organization={IEEE}
}


@article{parastegari2018failure,
	title={Failure recovery in robot--human object handover},
	author={Parastegari, Sina and Noohi, Ehsan and Abbasi, Bahareh and {\v{Z}}efran, Milo{\v{s}}},
	journal={IEEE Transactions on Robotics},
	volume={34},
	number={3},
	pages={660--673},
	year={2018},
	publisher={IEEE}
}


##### compute robot human handover orientation

@inproceedings{lopez2006grasp,
	title={Grasp planning for interactive object manipulation},
	author={Lopez-Damian, Efrain and Sidobre, Daniel and DeLaTour, Stephane and Alami, Rachid},
	booktitle={Proc. of the Intl. Symp. on Robotics and Automation},
	year={2006}
}

@inproceedings{song2013predicting,
	title={Predicting human intention in visual observations of hand/object interactions},
	author={Song, Dan and Kyriazis, Nikolaos and Oikonomidis, Iason and Papazov, Chavdar and Argyros, Antonis and Burschka, Darius and Kragic, Danica},
	booktitle={2013 IEEE International Conference on Robotics and Automation},
	pages={1608--1615},
	year={2013},
	organization={IEEE}
}

@inproceedings{cakmak2011using,
	title={Using spatial and temporal contrast for fluent robot-human hand-overs},
	author={Cakmak, Maya and Srinivasa, Siddhartha S and Lee, Min Kyung and Kiesler, Sara and Forlizzi, Jodi},
	booktitle={2011 6th ACM/IEEE International Conference on Human-Robot Interaction (HRI)},
	pages={489--496},
	year={2011},
	organization={IEEE}
}

@inproceedings{cakmak2011human,
	title={Human preferences for robot-human hand-over configurations},
	author={Cakmak, Maya and Srinivasa, Siddhartha S and Lee, Min Kyung and Forlizzi, Jodi and Kiesler, Sara},
	booktitle={2011 IEEE/RSJ International Conference on Intelligent Robots and Systems},
	pages={1986--1993},
	year={2011},
	organization={IEEE}
}

@inproceedings{aleotti2012comfortable,
	title={Comfortable robot to human object hand-over},
	author={Aleotti, Jacopo and Micelli, Vincenzo and Caselli, Stefano},
	booktitle={2012 IEEE RO-MAN: The 21st IEEE International Symposium on Robot and Human Interactive Communication},
	pages={771--776},
	year={2012},
	organization={IEEE}
}


@inproceedings{micelli2011perception,
	title={Perception and control challenges for effective human-robot handoffs},
	author={Micelli, Vincenzo and Strabala, Kyle and Srinivasa, Siddhartha},
	booktitle={Robotics: Science and systems workshop on rgb-d cameras},
	year={2011}
}


#### forces during handover interaction

@article{mason2005grip,
	title={Grip forces when passing an object to a partner},
	author={Mason, Andrea H and MacKenzie, Christine L},
	journal={Experimental brain research},
	volume={163},
	number={2},
	pages={173--187},
	year={2005},
	publisher={Springer}
}


@article{chan2013human,
	title={A human-inspired object handover controller},
	author={Chan, Wesley P and Parker, Chris Ac and Van Der Loos, Hf Machiel and Croft, Elizabeth A},
	journal={The International Journal of Robotics Research},
	volume={32},
	number={8},
	pages={971--983},
	year={2013},
	publisher={Sage Publications Sage UK: London, England}
}

@inproceedings{nagata1998delivery,
	title={Delivery by hand between human and robot based on fingertip force-torque information},
	author={Nagata, Kazuyuki and Oosaki, Youhei and Kakikura, Masayoshi and Tsukune, Hideo},
	booktitle={Proceedings. 1998 IEEE/RSJ International Conference on Intelligent Robots and Systems. Innovations in Theory, Practice and Applications (Cat. No. 98CH36190)},
	volume={2},
	pages={750--757},
	year={1998},
	organization={IEEE}
}

@inproceedings{sadigh2009safe,
	title={Safe grasping with multi-link fingers based on force sensing},
	author={Sadigh, Mohamad Jafar and Ahmadi, Habib},
	booktitle={2009 IEEE International Conference on Robotics and Biomimetics (ROBIO)},
	pages={1796--1802},
	year={2009},
	organization={IEEE}
}


@article{han2013quantifying,
	title={Quantifying arm nonuse in individuals poststroke},
	author={Han, Cheol E and Kim, Sujin and Chen, Shuya and Lai, Yi-Hsuan and Lee, Jeong-Yoon and Osu, Rieko and Winstein, Carolee J and Schweighofer, Nicolas},
	journal={Neurorehabilitation and neural repair},
	volume={27},
	number={5},
	pages={439--447},
	year={2013},
	publisher={Sage Publications Sage CA: Los Angeles, CA}
}


### biped humanoid handover

@article{vezzani2017novel,
	title={A novel pipeline for bi-manual handover task},
	author={Vezzani, Giulia and Regoli, Massimo and Pattacini, Ugo and Natale, Lorenzo},
	journal={Advanced Robotics},
	volume={31},
	number={23-24},
	pages={1267--1280},
	year={2017},
	publisher={Taylor \& Francis}
}


@inproceedings{chan2014implementation,
	title={Implementation of a robot-human object handover controller on a compliant underactuated hand using joint position error measurements for grip force and load force estimations},
	author={Chan, Wesley P and Kumagai, Iori and Nozawa, Shunichi and Kakiuchi, Yohei and Okada, Kei and Inaba, Masayuki},
	booktitle={2014 IEEE International Conference on Robotics and Automation (ICRA)},
	pages={1190--1195},
	year={2014},
	organization={IEEE}
}



%%%%%%%%%%%%%%%%%%%%%%%%%%%%%%%%%%%%%%%%%%  not used yet %%%%%%%%%%%%%%%%%%%%%%%%%%%%%%%%%%%%%%%%%%%% 


#### personal papers

@inproceedings{Vasalya:roman:2018,
	title={Distinct motor contagions during and after observation of action by a  humanoid co-worker},
	author={Vasalya, Ashesh and Ganesh, Gowrishankar and Kheddar, Abderrahmane},
	booktitle={International Conference on Robot and Human Interactive Communication (RO-MAN)},	
	year={2018},
	organization={IEEE},
	
}

@article{vasalya2018more,
	title={More than just co-workers: Presence of humanoid robot co-worker influences human performance},
	author={Vasalya, Ashesh and Ganesh, Gowrishankar and Kheddar, Abderrahmane},
	journal={PloS one},
	volume={13},
	number={11},
	pages={e0206698},
	year={2018},
	publisher={Public Library of Science}
}


##### to cite some sources of handover questionnaire inspiration

@inproceedings{huber2009evaluation,
	title={Evaluation of a novel biologically inspired trajectory generator in human-robot interaction},
	author={Huber, Markus and Radrich, Helmuth and Wendt, Cornelia and Rickert, Markus and Knoll, Alois and Brandt, Thomas and Glasauer, Stefan},
	booktitle={RO-MAN 2009-The 18th IEEE International Symposium on Robot and Human Interactive Communication},
	pages={639--644},
	year={2009},
	organization={IEEE}
}

@phdthesis{bussy2013approche,
	author = {Bussy, Antonio},
	title = {Cognitive approach to the representation of the proximal haptic interaction between a man and a humanoid {\ "\ i}},
	author = {Bussy, Antoine},
	year = {2013}
	school = {University Montpellier II-Science and Technology of Languedoc}
}

@article{qin2013effect,
	title={Effect of packet loss on collaborative haptic interactions in networked virtual environments: An experimental study},
	author={Qin, Jing and Choi, Kup-Sze and Xu, Renheng and Pang, Wai-Man and Heng, Pheng-Ann},
	journal={Presence: Teleoperators and Virtual Environments},
	volume={22},
	number={1},
	pages={36--53},
	year={2013},
	publisher={MIT Press}
}

@inproceedings{weiss2009addressing,
	title={Addressing user experience and societal impact in a user study with a humanoid robot},
	author={Weiss, Astrid and Bernhaupt, Regina and Tscheligi, Manfred and Yoshida, Eiichi},
	booktitle={AISB2009: Proceedings of the Symposium on New Frontiers in Human-Robot Interaction (Edinburgh, 8-9 April 2009), SSAISB},
	pages={150--157},
	year={2009},
	organization={Citeseer}
}
















