@book{featherstone2014rigid,
  title={Rigid body dynamics algorithms},
  author={Featherstone, Roy},
  year={2014},
  publisher={Springer}
}


@article{evans2001rotations,
	title={Rotations and rotation matrices},
	author={Evans, Philip R},
	journal={Acta Crystallographica Section D: Biological Crystallography},
	volume={57},
	number={10},
	pages={1355--1359},
	year={2001},
	publisher={International Union of Crystallography}
}


@book{altmann2005rotations,
	title={Rotations, quaternions, and double groups},
	author={Altmann, Simon L},
	year={2005},
	publisher={Courier Corporation}
}


@article{jia2017rotation,
	title={Rotation in the Space},
	author={Jia, Yan-Bin},
	journal={Iowa State University Computer Science},
	volume={477},
	pages={577},
	year={2017}
}












#not used yet
@article{li2015predicting, 
	title={Predicting Object Transfer Position and Timing in Human-robot Handover Tasks},
	author={Li, Zhi and Hauser, Kris},
	journal={Science and Systems},
	year={2015}
}